@article{frechetoriginal,
    author = {Helmut Alt and Michale Godau},
    title = {Computing the Frechet distance between two polygonal curves},
    year = {1995},
    journal = {Computational Geometry}
}

@article{planarmaps,
    author = {Helmut Alt and Alon Efrat and Gunter Rote and Carola Wenk},
    title = {Matching planar maps},
    year = {2002}
}

@article{proteinalignment,
    author = {Jiant M, Xu Y, Zhu B},
    title = {Protein structure-structure alignment with discrete Frechet distance},
    year = {2006}
}

@article{frechetnewreport,
    author = {A. Maheshwari and  J. Sack and K. Shahbaz and H. Zarrabi-Zadeh},
    title = {Frechet distance with speed limits, technical report},
    year = {2010}
}
